% This file was created with JabRef 2.10.
% Encoding: Cp1252


@Book{Bird2009,
  Title                    = {Natural language processing with Python},
  Author                   = {Ewan Klein; Edward Loper; Steven Bird},
  Publisher                = {O'Reilly Media, Inc},
  Year                     = {2009}
}

@Book{Jur2009,
  Title                    = {Speech and Language Processing},
  Author                   = {James H. Martin; Daniel Jurafsky},
  Publisher                = {Prentice Hall},
  Year                     = {2009}
}

@Book{Rus2009,
  Title                    = {Artificial Intelligence: A Modern Approach},
  Author                   = {Peter Norvig; Stuart Russel},
  Publisher                = {Prentice Hall},
  Year                     = {2009}
}

@Conference{Ploom2014,
  Title                    = {Processing Chains in System of Systems},
  Author                   = {Iain Last; Axel Glaser; Stefan Scheit; Tarmo Ploom},
  Booktitle                = {Mesoca 2014: 8th IEEE International Symposium on the Maintenance and Evolution of Service-Oriented and Cloud-Based Systems},
  Year                     = {2014}
}

@Misc{Sirius,
  Title                    = {Sirius},
  Author                   = {Clarity Lab},
  Year                     = {2015},
  URL                      = {http://sirius.clarity-lab.org/}
}

@Misc{Simon,
  Title                    = {Simon listens},
  Author                   = {Adam Nash; Frederik Gladhorn; Mathias Stieger; Patrick von Reth; Peter Grasch},
  Year                     = {2015},
  URL                      = {https://projects.kde.org/projects/extragear/accessibility/simon/}
}

@Misc{Jasper,
  Title                    = {Jasper Project},
  Author                   = {Charles Marsh; Shubhro Saha},
  Year                     = {2014},
  URL                      = {http://jasperproject.github.io/}
}

@Misc{EUR103,
  Title                    = {EUReKA 1x03: Many Happy Returns},
  Author                   = {Jaime Paglia; Andrew Cosby},
  Month                    = {July},
  Year                     = {2006}
}

@Misc{SWEP1,
  Title                    = {Star Wars Episode I: The Phantom Menace},
  Author                   = {George Lucas},
  Month                    = {May},
  Year                     = {1999}
}

@Misc{TNG112,
  Title                    = {Star Trek: The Next Genereation 1x12: The Big Goodbye},
  Author                   = {Tracy Torme},
  Month                    = {January},
  Year                     = {1988}
}

@Misc{ADA101,
  Title                    = {Andromeda 1x01: Under the Night},
  Author                   = {Robert Hewitt Wolfe},
  Month                    = {October},
  Year                     = {2000}
}