% This file was created with JabRef 2.10.
% Encoding: Cp1252


@Book{Bird2009,
  Title                    = {Natural language processing with Python},
  Author                   = {Ewan Klein; Edward Loper; Steven Bird},
  Publisher                = {O'Reilly Media, Inc},
  Year                     = {2009}
}

@Article{JosephWeizenbau1966,
  Title                    = {ELIZA - A Computer Program For the Study of Natural Language Communication Between Man And Machine},
  Author                   = {Joseph Weizenbau,},
  Journal                  = {Communications of the ACM},
  Year                     = {1966},

  Month                    = {January},
  Number                   = {1},
  Pages                    = {36-45},
  Volume                   = {9},

  Keywords                 = {ELIZA, parsing, natural language},
  Owner                    = {Apollo},
  Timestamp                = {2015.07.06}
}

@Book{Jur2009,
  Title                    = {Speech and Language Processing},
  Author                   = {James H. Martin; Daniel Jurafsky},
  Publisher                = {Prentice Hall},
  Year                     = {2009}
}

@Conference{Ploom2014,
  Title                    = {Processing Chains in System of Systems},
  Author                   = {Iain Last; Axel Glaser; Stefan Scheit; Tarmo Ploom},
  Booktitle                = {Mesoca 2014: 8th IEEE International Symposium on the Maintenance and Evolution of Service-Oriented and Cloud-Based Systems},
  Year                     = {2014}
}

@Book{Rus2009,
  Title                    = {Artificial Intelligence: A Modern Approach},
  Author                   = {Peter Norvig; Stuart Russel},
  Publisher                = {Prentice Hall},
  Year                     = {2009}
}

