% This file was created with JabRef 2.10.
% Encoding: Cp1252


@Misc{Andreae2016,
  Title                 = {Vertiefung Kombinatorische Optimierung},
  Author                = {Thomas Andreae},
  HowPublished          = {Vorlesungsfolien},
  Year			= {2016},
  Owner                 = {Apollo}
}

@Book{Diekmann2009,
  Title			= {Spieltheorie: Einf√ºhrung, Beispiele, Experimente},
  Author		= {Andreas Diekmann},
  Publisher		= {Rowohlt Taschenbuch Verlag},
  Year			= {2009 (4. Auflage)},
  Month			= {April}
}

@Book{PMBoK,
  Title			= {A Guide to the Project Management Body of Knowledge},
  Author		= {Project Management Institute},
  Year			= {2013 (5. Auflage)}
}

