% This file was created with JabRef 2.10.
% Encoding: Cp1252


@Misc{Andreae2016,
  Title                    = {Vertiefung Kombinatorische Optimierung},
  Author                   = {Thomas Andreae},
  HowPublished             = {Vorlesungsfolien},
  Year						= {2016},
  Owner                    = {Apollo}
}


