% This file was created with JabRef 2.10.
% Encoding: Cp1252


@Misc{npcs,
  Title                    = {NPC Conversations},

  Author                   = {Unknown Author (edited by Amit Patel)},
  HowPublished             = {Stanford University, Department of Computer Science (http://www-cs-students.stanford.edu/~amitp/Articles/NPC-Conversation.html)},

  Owner                    = {Apollo},
  Timestamp                = {2015.07.07}
}

@Book{Bird2009,
  Title                    = {Natural language processing with Python},
  Author                   = {Ewan Klein; Edward Loper; Steven Bird},
  Publisher                = {O'Reilly Media, Inc},
  Year                     = {2009}
}

@Book{Jur2009,
  Title                    = {Speech and Language Processing},
  Author                   = {James H. Martin; Daniel Jurafsky},
  Publisher                = {Prentice Hall},
  Year                     = {2009}
}

@Misc{hauke,
  Title                    = {Windows 10: Warum Microsoft sich verzaehlt hat (http://hauke-stieler.de/blog/2015/06/windows-10-warum-microsoft-sich-verzaehlt-hat/)},

  Author                   = {Hauke Stieler},
  HowPublished             = {Blogpost},
  Month                    = {June},
  Year                     = {2015},

  Owner                    = {Apollo},
  Timestamp                = {2015.07.07}
}

@Article{Weizenbaum1966,
  Title                    = {ELIZA - A Computer Program For the Study of Natural Language Communication Between Man And Machine},
  Author                   = {Joseph Weizenbaum},
  Journal                  = {Communications of the ACM},
  Year                     = {1966},

  Month                    = {January},
  Number                   = {1},
  Pages                    = {36-45},
  Volume                   = {9},

  Keywords                 = {ELIZA, parsing, natural language},
  Owner                    = {Apollo},
  Timestamp                = {2015.07.06}
}

@Book{duden,
  Title                    = {Duden - Die deutsche Rechtschreibung},
  Publisher                = {Dudenredaktion},
  Year                     = {2014},
  Edition                  = {26},
  Month                    = {October},
  Series                   = {Duden 1-12},
  Volume                   = {1},

  Owner                    = {Apollo},
  Timestamp                = {2015.07.06}
}

